<record><leader>00000cas a2200000 a 4500</leader><controlfield tag="001">8819260</controlfield><controlfield tag="008">820930d18781991arudr ne      0    0eng  </controlfield><datafield ind1=" " ind2=" " tag="010"><subfield code="a">sn 82015489 </subfield></datafield><datafield ind1=" " ind2=" " tag="040"><subfield code="a">DLC</subfield><subfield code="b">eng</subfield><subfield code="c">DLC</subfield><subfield code="d">NPX</subfield><subfield code="d">DLC</subfield><subfield code="d">OCL</subfield><subfield code="d">PPM</subfield><subfield code="d">DLC</subfield><subfield code="d">PPM</subfield><subfield code="d">DLC</subfield><subfield code="d">ANU</subfield><subfield code="d">OCL</subfield><subfield code="d">NSD</subfield><subfield code="d">ANU</subfield><subfield code="d">NSD</subfield><subfield code="d">ANU</subfield><subfield code="d">DLC</subfield><subfield code="d">CRL</subfield><subfield code="d">FUG</subfield><subfield code="d">OCLCQ</subfield><subfield code="d">DLC</subfield><subfield code="d">CUI</subfield><subfield code="d">OCLCQ</subfield><subfield code="d">OCLCF</subfield></datafield><datafield ind1=" " ind2=" " tag="019"><subfield code="a">9185341</subfield><subfield code="a">9185392</subfield></datafield><datafield ind1="1" ind2=" " tag="029"><subfield code="a">AU@</subfield><subfield code="b">000020273631</subfield></datafield><datafield ind1=" " ind2=" " tag="042"><subfield code="a">pcc</subfield></datafield><datafield ind1=" " ind2=" " tag="043"><subfield code="a">n-us-ar</subfield></datafield><datafield ind1="0" ind2="0" tag="050"><subfield code="a">Newspaper</subfield></datafield><datafield ind1="0" ind2=" " tag="130"><subfield code="a">Arkansas Democrat (Little Rock, Ark. : Daily)</subfield></datafield><datafield ind1="1" ind2="0" tag="245"><subfield code="a">Arkansas Democrat.</subfield></datafield><datafield ind1="3" ind2="0" tag="246"><subfield code="a">Daily Arkansas Democrat</subfield></datafield><datafield ind1=" " ind2=" " tag="260"><subfield code="a">Little Rock, Ark. :</subfield><subfield code="b">J.N. Smithee &amp; Co.,</subfield><subfield code="c">-1991.</subfield></datafield><datafield ind1=" " ind2=" " tag="300"><subfield code="a">v. :</subfield><subfield code="b">ill.</subfield></datafield><datafield ind1=" " ind2=" " tag="310"><subfield code="a">Daily,</subfield><subfield code="b">Feb. 22, 1921-Oct. 18, 1991</subfield></datafield><datafield ind1=" " ind2=" " tag="321"><subfield code="a">Daily (except Sunday),</subfield><subfield code="b">&lt;July 9, 1878&gt;-Jan. 18, 1903</subfield></datafield><datafield ind1=" " ind2=" " tag="321"><subfield code="a">Daily (except Monday),</subfield><subfield code="b">Jan. 19, 1903-Feb. 4, 1906</subfield></datafield><datafield ind1=" " ind2=" " tag="321"><subfield code="a">Daily,</subfield><subfield code="b">Feb. 5, 1906-Oct. 28, 1910</subfield></datafield><datafield ind1=" " ind2=" " tag="321"><subfield code="a">Daily (except Sunday),</subfield><subfield code="b">Oct. 29, 1910-Feb. 21, 1921</subfield></datafield><datafield ind1="1" ind2=" " tag="362"><subfield code="a">Began with Apr. 11, 1878 issue.</subfield></datafield><datafield ind1="0" ind2=" " tag="362"><subfield code="a">-121st year, no. 17 (Oct. 18, 1991).</subfield></datafield><datafield ind1=" " ind2=" " tag="500"><subfield code="a">"Daily" appears above masthead ornament, &lt;July 9, 1878&gt;-Nov. 19, 1885.</subfield></datafield><datafield ind1=" " ind2=" " tag="530"><subfield code="a">Also issued on microfilm from Bell &amp; Howell, Micro Photo Div., and the Library of Congress Photoduplication Service.</subfield></datafield><datafield ind1=" " ind2=" " tag="530"><subfield code="a">Also issued online.</subfield></datafield><datafield ind1=" " ind2=" " tag="580"><subfield code="a">Merged with: Arkansas gazette, to form: Akransas Democrat gazette.</subfield></datafield><datafield ind1=" " ind2=" " tag="588"><subfield code="a">Description based on: Vol. 4, no. 81 (July 9, 1878).</subfield></datafield><datafield ind1=" " ind2="0" tag="651"><subfield code="a">Little Rock (Ark.)</subfield><subfield code="v">Newspapers.</subfield></datafield><datafield ind1=" " ind2="0" tag="651"><subfield code="a">Pulaski County (Ark.)</subfield><subfield code="v">Newspapers.</subfield></datafield><datafield ind1=" " ind2="7" tag="655"><subfield code="a">Newspapers.</subfield><subfield code="2">fast</subfield><subfield code="0">(OCoLC)fst01423814</subfield></datafield><datafield ind1=" " ind2="7" tag="651"><subfield code="a">Arkansas</subfield><subfield code="z">Little Rock.</subfield><subfield code="2">fast</subfield><subfield code="0">(OCoLC)fst01206922</subfield></datafield><datafield ind1=" " ind2="7" tag="651"><subfield code="a">Arkansas</subfield><subfield code="z">Pulaski County.</subfield><subfield code="2">fast</subfield><subfield code="0">(OCoLC)fst01208517</subfield></datafield><datafield ind1=" " ind2=" " tag="752"><subfield code="a">United States</subfield><subfield code="b">Arkansas</subfield><subfield code="c">Pulaski</subfield><subfield code="d">Little Rock.</subfield></datafield><datafield ind1="0" ind2=" " tag="775"><subfield code="t">Arkansas Democrat (Little Rock, Ark. : Weekly : 1878)</subfield><subfield code="w">(DLC)sn 89051456</subfield><subfield code="w">(OCoLC)20806687</subfield></datafield><datafield ind1="1" ind2=" " tag="776"><subfield code="c">(Microfilm)</subfield><subfield code="d">Library of Congress</subfield><subfield code="w">(DLC)   00229120</subfield><subfield code="w">(OCoLC)45416521</subfield></datafield><datafield ind1="0" ind2="0" tag="780"><subfield code="t">Evening star (Little Rock, Ark.)</subfield><subfield code="w">(DLC)sn 84022883</subfield><subfield code="w">(OCoLC)10661687</subfield></datafield><datafield ind1="1" ind2="7" tag="785"><subfield code="t">Arkansas gazette (Little Rock, Ark. : 1889)</subfield><subfield code="w">(DLC)sn 82014890</subfield><subfield code="w">(OCoLC)8794697</subfield></datafield><datafield ind1="1" ind2="7" tag="785"><subfield code="t">Arkansas Democrat gazette</subfield><subfield code="x">1060-4332</subfield><subfield code="w">(DLC)sn 91004880</subfield><subfield code="w">(OCoLC)24592418</subfield></datafield></record>